<?xml version="1.0" encoding="UTF-8"?><collection xmlns="http://www.loc.gov/MARC21/slim"><record><leader>00535nam--2200181-i-4500</leader><controlfield tag="001">000030777</controlfield><controlfield tag="002">20161230</controlfield><controlfield tag="005">20161230201038</controlfield><controlfield tag="008">060222s1000------------r-----000-0-fre-d</controlfield><datafield ind1=" " ind2=" " tag="040"><subfield code="a">IFIN-HH</subfield></datafield><datafield ind1=" " ind2=" " tag="041"><subfield code="a">fre</subfield></datafield><datafield ind1=" " ind2=" " tag="080"><subfield code="a">532.5:532.783(043)</subfield></datafield><datafield ind1="1" ind2=" " tag="100"><subfield code="a">Manneville, Paul</subfield></datafield><datafield ind1="1" ind2="0" tag="245"><subfield code="a">Quelque instabilites hydrodynamiques dans les cristaux liquides namatiques: etude theorique</subfield><subfield code="b">These</subfield><subfield code="c">Paul manneville</subfield></datafield><datafield ind1=" " ind2=" " tag="260"><subfield code="a">Orsay</subfield><subfield code="b">Universite Paris-sud</subfield><subfield code="c">1977</subfield></datafield><datafield ind1=" " ind2=" " tag="300"><subfield code="a">VII + 323P</subfield></datafield><datafield ind1=" " ind2=" " tag="852"><subfield code="a">46449</subfield><subfield code="c">532</subfield></datafield><datafield ind1=" " ind2=" " tag="CAT"><subfield code="a">Sys</subfield><subfield code="c">20110113</subfield><subfield code="h">143316</subfield></datafield></record></collection>